4834 6762
930 489 1268 601 edil-Xl'ld·
1521 591 1524 600 .

289 667 345 774 se
384 655 674 770 obseruatus
700 647 939 804 graphice
969 659 1240 788 describit,
1266 651 1425 764 multa
1451 649 1516 763 ad
1542 653 1884 802 philologum,

291 821 343 926 dt
372 812 686 921 Medicinam
721 811 1037 948 pertinentia
1073 810 1332 952 eleganter
1357 809 1594 939 discutit3
1627 807 1880 918 Plantasa

159 999 161 1004 ’
292 964 595 1103 Dioscoride,
647 959 929 1104 ceterisque
963 957 1241 1066 Veteribus
1273 956 1535 1064 Botanicis
1581 989 1881 1070 memoratas

295 1113 550 1242 illustrat3
602 1107 810 1218 tandem
858 1115 1064 1217 nomina
1110 1114 1164 1214 in
1210 1101 1443 1214 Officinis
1488 1109 1667 1234 nostris
1711 1107 1877 1220 adhuc

296 1265 418 1374 dum
448 1273 567 1374 trita
596 1262 866 1369 subnectit.
918 1261 1273 1366 Antidetnriunr
1299 1262 1636 1390 Florentinum,
1668 1263 1717 1368 dt
1745 1261 1882 1368 Petri

297 1417 520 1524 Andreae
545 1412 794 1522 Mnttbirli
826 1415 1168 1520 Commentario
1200 1413 1250 1510 in
1275 1411 1587 1550 Dioscoridcnr
1614 1410 1742 1520 Edit.
1777 1409 1882 1516 lta·

299 1569 386 1676 lic.
410 1563 626 1712 Valgril.
654 1569 707 1668 in
739 1559 774 1669 f.
808 1565 1160 1706 cummagnis
1187 1553 1381 1702 figuris,
1414 1597 1544 1707 quae
1579 1560 1881 1668 Pharmacu-

286 1747 552 1861 poectum
582 1714 867 1823 nostrorum
895 1717 1119 1822 manibus
1148 1709 1726 1861 teruntur,evnluenda
1755 1711 1879 1816 mihi

303 1862 581 1974 neceffario
623 1862 802 1998 fuere,
845 1899 903 1974 ut
941 1871 1036 1975 suis
1067 1859 1255 1970 Plantis
1289 1894 1465 1972 manca
1502 1862 1617 1994 illa,
1667 1865 1718 1968 δι
1755 1891 1883 2006 vaga

309 2021 517 2124 nomint
551 2014 905 2160 adiungerent.
1358 2043 1362 2052 '
1852 2055 1856 2063 ’

341 2261 344 2268 ,
457 2163 604 2272 Haec·
631 2193 801 2274 autem
829 2175 1036 2288 nomina
1064 2164 1277 2311 (lubens
1304 2164 1510 2304 fateor)
1544 2157 1746 2270 fortalle
1774 2194 1884 2271 non

305 2319 521 2428 omnino
565 2320 772 2460 proptia
823 2323 1089 2430 nonnullis
1130 2317 1317 2427 Plantis
1361 2345 1550 2444 erunt,
1601 2317 1657 2416 in
1701 2315 1885 2460 quibus

306 2470 604 2610 praesertim
643 2471 892 2610 minutas,
931 2503 983 2580 at
1020 2469 1337 2602 constantes,
1377 2475 1428 2578 δι
1465 2497 1697 2572 aeternas
1735 2459 1890 2570 dide·

152 2705 154 2710 ,
303 2622 494 2724 tentiae
514 2615 790 2760 Michelittr,
818 2654 879 2725 ea
902 2656 999 2770 qua
1027 2620 1286 2764 praeditus
1313 2651 1422 2726 erat
1449 2617 1719 2726 oculorum
1745 2618 1888 2748 acic,

293 2767 627 2876 observavit.
664 2766 800 2878 Huic
830 2771 1160 2881 incommodo
1196 2771 1393 2880 mederi
1426 2804 1548 2890 non,
1573 2770 1891 2909 poterimus,

305 2915 401 3040 nili
442 2918 686 3062 quondo,
725 2956 913 3066 magno
956 2922 1104 3064 Reip.
1151 2921 1458 3030 Litterariae
1507 2920 1890 3046 emolumento,

305 3067 444 3164 edita
473 3068 569 3167 srnt
595 3070 791 3198 reliqua
825 3072 1136 3170 Michelinna
1166 3075 1347 3197 Opera
1384 3069 1639 3184 Postume,
1680 3073 1736 3202 in
1772 3070 1893 3202 qoi-

300 3211 399 3318 bus
425 3205 521 3314 Vir
560 3209 652 3334 ille
687 3206 946 3343 Eximius,
980 3213 1355 3332 interretera,
1395 3203 1591 3311 Plantae
1628 3236 1657 3307 a
1695 3205 1893 3346 Caesel·-

300 3362 437 3500 pr'nn,
462 3361 512 3461 δι
541 3357 750 3496 reliquis
776 3357 912 3456 Italis
933 3355 1197 3457 Berenicis
1225 3351 1507 3490 descriptas.
1527 3351 1768 3458 illustrare
1797 3391 1893 3462 co·
2031 3392 2033 3401 ·

305 3533 459 3612 natus
491 3499 589 3632 est,
620 3501 861 3608 diuturna
887 3501 1275 3624 observatione,
1304 3505 1353 3608 &
1382 3500 1550 3608 sedula
1580 3503 1766 3608 natalis.
1786 3509 1892 3615 loci

311 3654 659 3796 inspeliione.
709 3653 921 3757 Interim
955 3645 1053 3754 frui
1083 3677 1200 3754 tuto
1239 3647 1447 3786 potestis
1476 3651 1575 3755 hnc
1608 3654 1895 3796 qualicum-

116 3815 118 3822 '
307 3837 437 3948 que
460 3801 632 3910 labore
667 3808 722 3908 in
766 3837 882 3912 cum
923 3827 1121 3908 tantum
1157 3795 1314 3906 finem
1351 3835 1384 3906 a
1419 3819 1501 3906 me
1542 3800 1803 3946 suscepto,
1834 3833 1893 3916 ut

305 3957 518 4063 Plantas
544 3953 850 4082 indicarem,
872 3983 1079 4094 quarum
1110 3944 1436 4091 frequentior
1457 3948 1553 4082 est,
1573 3979 1659 4058 aut
1681 3951 1779 4060 effe
1801 3993 1894 4096 po·

318 4102 413 4214 test
443 4101 556 4207 usus
581 4107 636 4204 in
663 4103 955 4208 Medicinae
1002 4097 1239 4231 Repetite
1264 4095 1510 4239 liquidem
1534 4102 1896 4214 observatione

310 4279 641 4388 compertum
667 4249 742 4367 est
764 4253 981 4351 minutas
1003 4240 1172 4368 hasce,
1196 4247 1246 4348 δι
1269 4250 1534 4348 technieas.
1555 4244 1895 4390 differentias,

321 4433 501 4547 parum
534 4427 621 4504 aut
656 4397 786 4504 nihil
816 4419 1006 4502 mutate
1040 4395 1175 4498 vires
1210 4389 1471 4524 Medicas,
1504 4431 1634 4540 quae
1673 4399 1896 4536 plerum·

244 4636 247 4642 .
316 4585 421 4696 que
468 4547 699 4694 aequales
733 4547 846 4656 sunt
883 4542 1193 4656 inomnibus
1225 4543 1337 4654 fere
1370 4543 1640 4690 Speciebus
1675 4547 1897 4660 Generis
2055 4661 2057 4666 ,

301 4696 538 4808 ,alicuius
571 4697 889 4821 Plantarom.
1170 4717 1171 4722 ‘
1872 4748 1879 4762 ·

312 4901 318 4966 ς
476 4847 694 4995 Reliqua
722 4841 1033 4979 Offieinalia,
1059 4847 1432 4966 &Communia
1459 4855 1696 4984 nomina,
1719 4885 1786 4960 ex
1813 4885 1898 4970 ua·
1976 4859 1980 4868 ’

315 5004 411 5128 riis
455 4996 789 5142 Scriptorilrus
825 5000 1102 5140 decerpta,
1145 5002 1299 5109 srcui
1348 5006 1509 5110 minus
1546 5037 1774 5143 congrua
1818 5012 1899 5111 vi-

233 5169 238 5180 '
311 5151 570 5280 -deantur,
603 5157 653 5258 dc
686 5152 915 5290 pluribus
943 5183 1058 5260 toto
1090 5186 1279 5296 genere
1312 5149 1726 5260 divetfisPlantis
1754 5185 1900 5292 com·

325 5305 525 5426 munia,
556 5309 596 5404 is
622 5335 726 5408 non
753 5301 932 5435 fidem,
957 5291 1378 5448 diligentiamque
1400 5337 1562 5412 meam
1588 5305 1902 5438 repraehen·
1976 5315 1981 5328 '

148 5475 152 5484 ’
313 5451 450 5580 dns,
485 5446 569 5566 sed
611 5458 780 5593 potius
827 5453 1144 5590 Scriptorum
1180 5456 1453 5584 incuriam,
1493 5458 1579 5598 qui
1627 5451 1900 5562 fecundam
1994 5454 2000 5463 ’

312 5608 519 5726 -tninus,
541 5602 591 5708 δι
620 5610 783 5714 minus
808 5603 1122 5715 constantem
1139 5600 1388 5712 Naturam
1408 5605 1775 5732 existimantes,
1795 5635 1901 5706 non

142 5775 145 5781 ’
312 5751 459 5864 «adeo
494 5749 707 5868 solliciti
734 5754 883 5868 luere
907 5762 963 5902 in
988 5755 1158 5900 troila
1185 5752 1472 5900 Plantaruur
1498 5753 1563 5864 ab
1588 5755 1701 5902 ipsus
1723 5749 1902 5898 obser}-n
1970 5781 1972 5786 ·

453 5940 456 5948 ·
1162 5903 1303 6054 §d
1454 5967 1458 5976 ·
1561 5913 1619 5948 ’·
1686 5931 1835 6014 vate·
