4834 6762
1150 519 1155 542 .
1189 467 1428 566 &illivs
1453 464 1538 566 im

541 664 791 760 utrarum
835 623 1186 762 descriptione
1231 617 1585 748 conficienda,
1634 619 1850 764 insignes
1898 615 2139 766 quasdam

554 783 873 898 dafferentias
908 775 1140 884 culturae
1178 776 1442 896 varietati,
1480 777 1529 880 δι
1571 765 1800 887 Naturae
1839 773 2140 882 oscitantiae

558 939 842 1052 tribuentes
861 1016 886 1050 ,.
928 927 1147 1056 Altera,
1197 927 1246 1032 bt
1299 917 1539 1064 potissima
1586 927 1715 1042 tario
1756 923 1852 1055 est,
1895 927 2036 1075 quod
2081 931 2139 1038 iis

560 1089 914 1226 temporibus,
963 1080 1141 1224 quibus
1186 1073 1494 1182 reviviscere
1538 1067 1714 1189 Bonae
1755 1074 1911 1202 Artes
1945 1111 2139 1214 coepe-

377 1369 379 1375 ,
556 1266 713 1368 runt,
750 1227 1013 1342 Clarissrmi
1055 1226 1153 1344 Rei
1190 1225 1504 1338 Medione&
1544 1221 1819 1339 Herbariae
1856 1227 2138 1368 Scriptores

551 1390 612 1499 in
642 1424 706 1496 ee
736 1379 1039 1526 poriffimum
1067 1375 1391 1498 insudarunt,
1417 1405 1476 1484 ut
1498 1371 1691 1484 Plantas
1716 1382 1923 1497 circiter
1950 1377 2138 1514 septin-

552 1571 735 1679 gentas
768 1534 835 1640 ab
875 1533 1184 1676 Hippocrate,
1218 1523 1550 1668 Theophrasto,
1589 1527 1794 1659 Galeas,
1833 1529 2132 1664 Dioscorida,

553 1688 737 1816 Plinio,
771 1683 1064 1828 ceterisque
1095 1679 1352 1789 veteribus
1384 1677 1642 1795 Berenicis
1671 1687 1876 1798 nomine
1910 1681 2134 1824 plerum·

535 1875 657 1978 gne
699 1866 849 1954 tenus
887 1835 1196 1972 descriptas,
1234 1831 1528 1968 scuporius
1566 1831 1911 1958 adumbratas,
1948 1865 2132 1980 perve-

553 1985 818 2128 stigarent,
846 1983 1030 2130 hasque
1059 1991 1106 2090 se
1135 1989 1361 2126 reperire
1390 1979 1525 2122 posse
1554 2007 1792 2130 putarent
1819 1985 1871 2099 in
1899 1986 2000 2122 ipsa
2029 1983 2131 2098 En·
2168 1995 2170 2001 '

539 2167 702 2272 rope,
734 2142 781 2250 ἃ
816 2131 922 2253 eius
953 2139 1248 2274 praesertim
1283 2131 1593 2274 regionibus,
1624 2167 1754 2274 quae
1787 2132 1972 2238 nnllam
2001 2133 2127 2268 soli,

487 2393 490 2401 ,
551 2289 636 2393 vel
661 2287 811 2398 Coeli
831 2294 1108 2422 temperiei
1134 2283 1504 2402 smilitudinem
1531 2281 1721 2395 habent
1746 2319 1862 2389 cum
1894 2284 2049 2412 locis,
2073 2289 2128 2390 in

531 2437 729 2578 ⁴quibus
764 2438 915 2573 prisci
950 2439 1200 2556 Materiae
1239 2433 1480 2540 Medione.
1505 2431 1865 2569 Descriprores
1907 2433 2127 2547 Medici·

537 2615 663 2710 eam
697 2584 964 2720 fecerunt,
1001 2594 1088 2704 vel
1128 2591 1437 2732 peregrinati
1477 2585 1617 2702 sunt.
1678 2589 1850 2718 Quam
1885 2586 2016 2688 resse
2054 2617 2123 2698 ex

532 2765 680 2860 ,voto
713 2743 943 2846 resbaec
979 2742 1078 2854 illis
1109 2741 1337 2866 cesserit,
1377 2745 1619 2882 ignorare
1659 2771 1764 2840 non
1804 2731 1967 2878 potest
2006 2745 2125 2876 qui.-

529 2915 763 3030 rtumque
782 2891 1145 3000 Celebriornm
1163 2891 1553 3015 Buranicorurn,
1581 2885 1822 3028 quiSaec.
1845 2879 1957 2992 XV.
1981 2882 2125 3000 XVI·

525 3037 586 3138 dr
612 3034 778 3167 XVll.
809 3045 1129 3162 inclaruere,
1172 3043 1357 3174 scripta
1398 3040 1745 3172 pervolverit.
1804 3035 1942 3148 Hinc
1981 3069 2119 3144 acres

524 3180 687 3316 illae,
711 3188 762 3301 δι
790 3185 1035 3324 ingloriae
1059 3183 1465 3324 ‘disceptationes
1492 3217 1673 3322 magno
1707 3183 1998 3289 Medrcinae
2027 3187 2120 3294 des
2152 3256 2153 3264 a

536 3335 789 3436 trimenro
830 3333 1071 3434 subortae
1114 3333 1258 3453 sunt,
1295 3334 1499 3463 singulrs
1539 3362 1656 3432 toto
1693 3332 1855 3432 Caelo
1895 3333 2118 3434 diversas

531 3471 734 3582 Plantae
761 3477 1111 3618 pingentibus,
1142 3481 1192 3588 δι
1225 3475 1424 3614 srngulis
1458 3473 1564 3578 illas
1597 3509 1718 3616 ques
1750 3481 1993 3616 pingunt,
2026 3513 2118 3584 ve·

536 3658 644 3750 tar,
691 3633 958 3768 genuinas,
1002 3629 1052 3728 dt
1098 3627 1344 3764 legitimas
1388 3625 1677 3756 Dioscuridis
1720 3625 2111 3734 ostentantibus.

534 3765 801 3903 Tertiam,
829 3777 880 3881 δι
910 3767 1203 3910 potissumum
1237 3771 1578 3914 ambiguitatis
1611 3771 1756 3880 huius
1784 3775 1979 3882 causam
2014 3776 2112 3886 eise

478 4046 487 4065 ἢ
534 3951 695 4059 puro,
721 3925 862 4068 quod
887 3921 1104 4028 Veteres
1131 3925 1207 4030 illi
1228 3920 1508 4064 Scriptores
1527 3926 1579 4028 in
1606 3927 1812 4033 nenium
1838 3921 2112 4032 familiam.-

530 4103 635 4215 que
661 4071 1041 4182 Vocabulorum
1070 4072 1393 4180 Medicorum
1423 4069 1788 4210 asumpserunt
1813 4111 1931 4219 vaga
1958 4111 2111 4221 quae·
2217 4103 2222 4114 '

521 4223 682 4354 dem,
707 4227 986 4342 &absurda
1018 4228 1220 4326 uomina
1243 4219 1302 4326 ab
1323 4211 1574 4358 imperitis
1590 4225 1871 4368 Agricolis,
1892 4229 2110 4346 Mulier·

531 4373 765 4517 ausisque
795 4371 1146 4514 superstitiosis
1180 4397 1375 4476 temere
1412 4371 1665 4515 impolita.

411 4529 416 4541 ‘
684 4517 874 4626 Fateor
911 4523 1120 4666 quidem
1158 4523 1211 4622 in
1248 4523 1325 4626 his
1360 4525 1700 4664 congerendis
1737 4526 2101 4676 aptandisque,

533 4665 849 4784 molestissimi
892 4674 1078 4778 laboris
1118 4670 1403 4810 pertaesum
1442 4671 1585 4779 fniffe
1625 4713 1738 4807 me,
1782 4683 2105 4818 praesertim„

539 4823 652 4930 sun
677 4824 811 4930 euris
837 4821 1156 4953 distractum,
1172 4821 1484 4970 propositum
1510 4853 1680 4933 tamen
1706 4827 1887 4974 urgere
1911 4833 2104 4967 placuit
2211 4831 2215 4839 ’

533 5006 604 5078 eo
636 4969 938 5113 poriisrmum
968 4980 1219 5108 nomine,
1259 5003 1325 5098 ut
1368 4972 1682 5084 ostenderem
1730 4981 1823 5094 Rei
1867 4981 2103 5095 Medicie

517 5121 856 5258 ¹Candidaris,
883 5153 1202 5272 quansapere
1231 5119 1558 5239 necessarium
1585 5131 1643 5237 sst
1662 5129 1857 5240 Plantas
1881 5135 2105 5240 numinis·
2176 5145 2180 5154 '

537 5271 628 5378 bes
656 5279 935 5410 technicis,
970 5277 1292 5422 propriisque
1324 5277 1612 5410 addiscere,
1637 5287 1686 5392 de
1714 5288 1991 5432 aequivoca
2019 5283 2104 5399 'rsit

538 5447 691 5563 arque
724 5427 927 5534 absurda
964 5433 1197 5561 nomina,
1235 5434 1427 5540 maiore
1457 5427 1682 5538 Generis
1712 5426 1930 5544 Humani
1964 5431 2104 5542 eom

498 5597 502 5602 ’
534 5570 718 5704 modo,
741 5575 992 5682 oblivioni
1021 5583 1246 5688 tradere.
1282 5575 1470 5688 Verum
1496 5584 1574 5694 (ΖΙ.
1592 5581 1941 5728 Praeceptoris
1968 5585 2105 5698 Seri-

532 5752 621 5923 ptt
643 5726 1070 5873 interpolate,.&
1100 5765 1324 5894 pannum
1355 5767 1608 5880 purpurae
1645 5736 1858 5848 adsuere
1879 5739 2104 5996 rngppgin
