4834 6762
611 529 619 550 ,
926 409 1284 524 waratone

307 617 441 730 quae
470 565 649 690 Florir'
668 569 932 684 venustare
962 579 1076 720 'sese
1117 575 1408 686 nullatenus
1441 577 1896 698 commendarent}

303 737 489 845 Talem
522 735 686 842 labent
720 726 898 836 srullra
931 725 1210 836 substinere
1244 759 1455 836 conatur
1483 723 1552 829 est
1583 725 1677 835 Vir
1710 736 1894 848 inhno

304 889 589 998 studiorum
645 914 835 1028 genere
888 877 1102 988 summus
1148 880 1317 985 Parrus
1351 883 1581 982 Antonius
1614 881 1892 1026 Micholivr,

304 1039 483 1183 Magni
530 1037 695 1145 Ducis
732 1033 1011 1140 Bottoicus
1046 1037 1378 1138 renunciatus
1412 1030 1458 1133 tl.
1486 1025 1677 1152 XVIII,
1710 1035 1893 1154 Oslnbt

300 1183 633 1318 ivloecvl,
679 1191 729 1296 δι
767 1183 965 1294 Plantas
1003 1186 1057 1289 in
1087 1179 1311 1292 Hortum
1356 1180 1521 1316 huuc,
1559 1179 1892 1340 Pisaeumque

305 1339 514 1452 deferre
548 1338 722 1450 iussus.
999 1363 1004 1370 ’
1296 1359 1322 1472 ,“
1892 1461 1893 1471 Ν

459 1488 629 1601 VariIs
655 1489 864 1636 quidem
889 1489 976 1598 ille
1004 1523 1096 1634 per
1122 1485 1319 1596 Italiam
1345 1483 1609 1596 Botaoicir
1634 1493 1894 1601 excursio·

309 1643 458 1752 nibus
484 1673 640 1756 novas
660 1642 858 1750 Plantas
885 1649 938 1747 in
964 1643 1188 1750 Hortum
1216 1638 1497 1770 transtulit,
1523 1641 1735 1746 aliarum
1764 1651 1891 1752 irem

311 1802 628 1904 exoticarunr
663 1794 849 1901 semina
877 1797 940 1904 ab
967 1797 1160 1903 Amicis
1188 1795 1444 1921 obtinuir;
1471 1787 1555 1902 sed
1582 1826 1759 1899 ornnes
1784 1791 1893 1902 fer&

309 1981 392 2055 mc
419 1947 694 2057 Cultorum
726 1947 959 2056 socordia
986 1953 1210 2091 periere.
1774 2055 1778 2062 ,
1866 1971 1870 1982 ’

460 2095 534 2202 Ut
562 2105 728 2227 varia,
756 2129 806 2204 at
833 2101 1068 2207 breviora
1096 2098 1274 2208 Italica
1297 2094 1513 2206 Miclralii
1531 2093 1752 2226 Itinera,
1773 2087 1892 2202 Ma-

259 2272 260 2280 ‘
304 2251 395 2394 gni
441 2245 603 2356 Ducis
656 2249 928 2388 sumptibus
967 2253 1194 2396 perosi-a,
1232 2251 1428 2378 Aleam,
1470 2247 1644 2358 Horro
1691 2245 1892 2352 Nostro

304 2399 600 2506 immensam
628 2397 957 2514 accesstoo‘ertt
984 2398 1157 2518 sesiam
1197 2397 1342 2509 fuisse
1376 2399 1693 2506 credendum
1726 2397 1795 2504 est
1824 2426 1891 2504 ex

305 2546 503 2656 Itinere
534 2551 655 2684 illo,
683 2552 827 2696 quod
858 2557 1058 2700 peregit
1089 2553 1155 2662 A.
1181 2547 1451 2660 MDCCX
1484 2557 1704 2696 plurium
1743 2583 1890 2653 mett·

304 2699 426 2808 stum
460 2703 624 2839 spatio
667 2737 760 2842 per
793 2707 984 2848 Agrum
1028 2704 1340 2840 Romanum,
1384 2740 1577 2848 perque
1618 2704 1895 2846 Apuliam,

307 2851 572 2996 variasque
611 2853 731 2960 alias
764 2854 931 3002 Regni
975 2853 1313 2998 Neapolitani
1354 2855 1687 2986 ProvincIar‚
1721 2883 1779 2960 ur
1812 2862 1895 2955 in·

305 3029 391 3103 rer
422 3031 624 3131 cetera,
658 3005 856 3112 Plantas
883 3042 909 3109 a
940 3007 1083 3114 Fabio
1120 3009 1341 3117 Columna
1375 3009 1657 3146 descriptas
1699 3007 1796 3112 suit
1836 3011 1894 3104 in

306 3147 439 3251 locis
477 3149 797 3250 observaret.
853 3153 1071 3244 Memini
1113 3160 1227 3242 saite
1272 3157 1543 3245 Micholium
1581 3151 1730 3246 fateri
1774 3151 1896 3249 soli-

304 3322 441 3416 tum,
465 3293 613 3425 plura
638 3291 685 3394 se
708 3325 812 3393 uno
841 3288 941 3392 hoc
963 3287 1154 3390 Itinere
1182 3283 1678 3428 addidicill'e,quarn
1708 3289 1893 3402 decem

307 3441 441 3544 aliis.
486 3437 541 3540 Id
573 3463 743 3538 autem
767 3432 865 3534 hoc
888 3457 1189 3570 argumento
1209 3429 1502 3537 confirmati
1526 3435 1719 3574 potest,
1746 3431 1891 3588 quod

306 3580 643 3694 MCCCXLI.
681 3579 970 3686 Plantarunt
1010 3579 1206 3712 species
1239 3577 1349 3683 ase
1386 3583 1673 3689 observatas
1706 3627 1892 3698 recen·

303 3739 462 3846 suerit
484 3743 536 3840 io
564 3733 915 3870 descriptione
947 3730 1093 3868 primi
1124 3728 1260 3834 illlus
1288 3730 1496 3837 Itineris
1516 3734 1706 3875 Apuli,
1734 3777 1889 3886 quatu

306 3891 490 3997 litteris
517 3887 858 4030 coustgoavir,
885 3915 1140 4026 quamque
1174 3881 1366 4018 publici
1396 3887 1517 3988 iuris
1545 3881 1760 3996 faslurus
1787 3931 1889 4037 ego

210 4105 218 4154 ;
310 4043 445 4170 sum,
479 4072 593 4147 cum
625 4038 834 4178 reliquis
869 4033 1038 4138 multis
1066 4027 1394 4138 MiclteIIanis
1422 4032 1683 4172 OperIbus
1710 4039 1889 4152 Postu·

311 4193 431 4316 mis,
462 4219 617 4326 quum
651 4191 851 4305 ocium,
879 4187 928 4284 δι
956 4213 1037 4280 aes
1070 4176 1334 4312 suppetet.
1386 4180 1512 4289 Non
1541 4194 1758 4318 minori,
1789 4203 1885 4300 nce

309 4341 475 4442 minus
517 4329 779 4471 splendida
819 4325 1107 4430 Pleuratum
1148 4331 1529 4470 peregrinarum
1569 4335 1718 4441 melle
1747 4339 1889 4447 Hor-

309 4513 418 4590 tum
453 4481 587 4585 huoc
621 4477 961 4618 locupletavit
989 4473 1241 4584 Michesr'vr
1280 4479 1347 4587 A.
1373 4477 1689 4587 MDCCXII.
1724 4493 1774 4594 δι
1812 4493 1889 4596 iu·
2103 4555 2111 4576 ·

309 4634 579 4772 sequenti,
622 4631 802 4774 quibus
842 4659 933 4764 per
972 4624 1226 4734 sexdecim
1260 4633 1483 4759 menses,
1517 4633 1690 4776 Magni
1724 4637 1888 4750 Ducii

310 4779 465 4910 iulIu,
495 4779 752 4922 Tytolin,
777 4775 1055 4910 Austriam,
1080 4777 1409 4910 Bohemiam,
1433 4780 1731 4922 Borulsmm,
1757 4787 1889 4896 Sile.

309 4931 454 5062 bam,
491 4930 928 5078 Thuringumquc
984 4928 1325 5073 perlustravit.
1384 4929 1577 5044 Verum
1633 4941 1888 5080 praeclari

185 5084 189 5092 '
313 5083 392 5188 illi
414 5082 608 5190 'omnes
641 5081 828 5226 Regiae
861 5079 1285 5214 Muntficentiae,
1323 5086 1618 5194 &Micbrlii
1659 5089 1889 5198 laborum

167 5267 175 5282 ’
308 5233 525 5363 stulius,
561 5265 662 5340 tam
691 5236 905 5378 multae,
934 5265 1038 5342 tam
1065 5232 1300 5342 venustae
1330 5235 1565 5369 Plantae,
1590 5237 1887 5346 cartorum„

129 5419 132 5425 ·
308 5384 573 5517 socordia,
601 5416 658 5492 ut
686 5387 908 5514 aiebam,
942 5390 1173 5527 periere.
1223 5381 1427 5492 Fasium
1458 5385 1677 5528 prolude
1705 5385 1802 5518 est,
1830 5419 1889 5498 ut

308 5527 462 5637 Horti
512 5536 584 5644 sui
634 5567 832 5642 tautum
884 5533 1106 5645 dedecus
1153 5533 1442 5679 indignatur
1478 5537 1691 5684 Magnus
1734 5535 1886 5671 Dux,
1965 5571 1969 5582 ·

269 5685 273 5692 ’
310 5683 562 5798 Societatir
589 5686 844 5840 Berenicae·
859 5687 1158 5828 florentinae
1187 5687 1422 5823 precibus
1449 5687 1667 5840 benigne
1695 5695 1889 5833 annue*

1111 5841 1427 5970 *tetta
1710 5841 1828 5972 aa
