4834 6762
531 647 733 759 rietatis
753 637 1039 752 Inllitnrum
1058 465 1482 776 prodshhlthh:
1496 617 1722 732 laudavit
1742 617 1992 728 Oratione
2011 653 2107 758 pri·
2316 609 2322 616 ’

527 801 666 908 blice
701 793 1040 932 pronunciata
1077 779 1218 892 d..ll.
1262 783 1397 918 Sept.
1432 783 1494 886 A.
1526 768 1974 882 MDCCXXXIV.
2012 777 2104 878 in..

527 951 663 1062 Aula
699 943 903 1054 Veteris
930 935 1136 1058 Palatii,
1163 937 1217 1036 in
1244 929 1505 1074 frequenti
1532 928 1736 1034 Civium
1773 923 2107 1030 Extetnrum·

412 1147 419 1164 ·
530 1135 633 1240 que
664 1089 921 1208 consessu.
962 1086 1080 1197 Eam
1100 1081 1435 1210 Orationem,
1462 1115 1591 1226 quae
1618 1077 1883 1182 Societatis
1913 1107 2104 1212 propo·

527 1253 677 1360 ¹situm
726 1245 1017 1358 luculenter
1058 1239 1335 1378 exprimit,
1379 1231 1482 1373 ipse
1526 1229 1605 1340 Cl.
1645 1227 1855 1336 Carrhas
1903 1259 2104 1331 meeum

528 1402 913 1542 perhumaniter
944 1389 1371 1516 communicavit,
1402 1389 1452 1494 ἃ
1481 1411 1536 1490 nt
1567 1389 1622 1490 in
1654 1381 1792 1486 calce
1821 1373 2103 1484 Praefatio·

529 1553 609 1662 nis
636 1551 781 1660 buius
813 1543 1019 1650 ederem
1057 1538 1308 1678 permisit.
2061 1611 2067 1624 .

533 1759 541 1807 ι
680 1695 845 1804 Novis
874 1691 1099 1834 Legibus·
1118 1689 1503 1798 sancitumerrt
1530 1687 1668 1789 inter
1694 1705 1895 1808 cetera,
1923 1705 1981 1784 nr
2006 1673 2104 1780 llas
2189 1715 2223 1793 ,-

527 1849 595 1958 tis
620 1845 798 1956 diebus
826 1845 1017 1984 publici
1043 1839 1344 1950 Academici
1377 1831 1644 1942 Confessus
1676 1833 2011 1956 haberentur,
2047 1833 2102 1929 in

526 1999 708 2136 quihus
741 1995 892 2102 Socio
925 1981 1138 2102 cuilibet
1173 2023 1303 2098 notia
1336 1999 1389 2097 in
1423 1987 1641 2132 Physicis
1674 1981 1942 2088 observata
1983 2013 2107 2116 pro·
2291 2121 2296 2130 η

527 2139 699 2273 ferie,
724 2148 788 2257 δι.
808 2143 1193 2258 Dissertationcs
1221 2141 1286 2254 de
1319 2143 1471 2252 variis
1496 2133 1922 2283 Physicomcdicis
1955 2163 2104 2274 argu-

526 2303 712 2404 mentis
746 2297 1008 2438 perlegere
1045 2295 1256 2406 liceret.
1594 2419 1599 2428 ⁵

533 2518 539 2526 -
683 2445 871 2554 Primus
904 2451 1074 2588 itique
1118 2447 1345 2578 publicus
1370 2438 1635 2554 Confessus
1673 2439 1871 2546 habitus
1910 2435 1981 2544 est
2018 2435 2103 2540 die

529 2591 646 2706 XX
675 2596 807 2738 Sept.
837 2596 898 2702 Α.
917 2593 1365 2709 MDCCXXXsV.
1391 2595 1525 2734 apud
1550 2597 1610 2697 sti.
1628 2589 1937 2702 Grralbertitiii
1958 2583 2104 2688 Fruit-

435 2771 438 2778 ·
528 2745 746 2882 reschitrii
790 2745 919 2858 Patr.
966 2742 1132 2876 flur„
1174 2757 1325 2894 eique
1371 2779 1571 2890 praeter
1616 2777 1816 2852 eeteros
1863 2733 2103 2842 interfuit

525 2891 621 3006 Vir
649 2899 815 3040 Amph
848 2902 1089 3010 Muttirttt
1113 2901 1269 3012 futes
1289 2897 1508 3044 Anglus,
1535 2895 1691 3004 modo
1715 2891 1901 3028 Regiae
1926 2887 2104 2992 Sociess·

527 3052 646 3150 tatis
689 3045 1020 3157 londinensis
1051 3051 1249 3156 Praeses
1278 3049 1645 3154 meritissimus.
1697 3041 1946 3146 Michelr'irs
1984 3041 2104 3144 duas

522 3191 846 3334 Hippucaslmit'
880 3193 1075 3330 species
1107 3193 1365 3321 diflinxit,
1397 3193 1715 3324 aBotanicis
1748 3189 1982 3290 illatenus
2016 3188 2104 3290 sub

517 3373 630 3448 unu
662 3339 983 3476 Hippurasttrirr'
1017 3343 1240 3468 numeris
1268 3345 1475 3438 nomine
1505 3335 1950 3464 compraehensus.
1992 3332 2103 3430 Pri·
2141 3409 2144 3416 .

524 3519 602 3591 rna
632 3481 843 3592 fruslum
875 3477 1073 3616 profert
1105 3482 1255 3614 spinis
1285 3484 1433 3604 turis,
1470 3483 1727 3602 brevibus,
1759 3479 1808 3582 &
1844 3477 1987 3582 rcflis
2020 3513 2101 3586 ar·

525 3663 741 3751 matum,
769 3663 825 3734 ac
847 3627 1112 3731 seminibus
1141 3625 1302 3732 fetum
1325 3631 1581 3752 rotundis,
1607 3633 1783 3734 Altera
1812 3628 1962 3766 spinis
1988 3665 2100 3734 cre·
2145 3757 2148 3764 ,

530 3775 663 3898 bris,
690 3778 879 3916 longis,
911 3779 959 3882 δι
989 3775 1131 3882 uncis
1159 3780 1432 3904 munitum,
1466 3781 1649 3886 semina
1679 3805 1847 3882 autem
1876 3778 2099 3922 oblonga

533 3931 921 4042 continentem:
954 3923 1230 4068 Utriusque
1263 3927 1530 4060 specimina
1564 3934 1789 4034 recentia
1816 3929 2004 4034 obtulit
2032 3961 2098 4035 cx

526 4077 693 4222 Regio
720 4077 925 4185 Castelli
962 4073 1249 4201 Viridario,
1279 4082 1328 4186 δι
1363 4109 1423 4178 cx
1453 4075 1622 4190 Hurto
1650 4081 1713 4184 de
1746 4113 1851 4222 quo
1883 4091 2097 4213 agimus.

527 4227 732 4338 Obtulit
764 4261 998 4368 quoque,
1027 4223 1358 4366 &descripsit
1388 4220 1560 4358 Folia,
1584 4224 1786 4358 Florus,
1817 4233 1866 4335 δι
1893 4219 2098 4334 Fruflus

530 4380 677 4492 Vticae
711 4379 895 4487 Indicae
927 4379 979 4476 in
1007 4376 1105 4480 linc
1135 4375 1295 4481 Caras.
1329 4375 1605 4518 descriptae
1640 4413 1746 4520 pag.
1779 4412 1918 4508 101.,
1954 4415 2098 4484 notas

529 4523 951 4632 charasleristicas
976 4521 1198 4628 Generis
1224 4525 1377 4628 Yrrrtrr
1403 4527 1464 4626 ab
1491 4527 1791 4632 Auslortbus
1821 4529 2096 4664 propofitas

377 4681 381 4693 '
531 4671 833 4778 emendans.
879 4669 942 4775 Io.
973 4672 1105 4812 sirpe.
1142 4675 1340 4780 Felirr'iit
1367 4671 1552 4782 Comes
1584 4681 1632 4782 &
1661 4676 1795 4782 Med.
1822 4675 1889 4782 D.
1927 4677 2097 4781 oslen-

417 4835 419 4842 ’
531 4821 608 4932 dit
643 4827 694 4931 dc
721 4817 983 4954 descripsit
1010 4825 1250 4932 Calculus
1279 4826 1498 4964 pluresa
1529 4825 1575 4930 se
1604 4833 1658 4928 in
1684 4825 1890 4972 Cystide
1921 4819 2096 4932 Fellea

529 4973 805 5078 Cadaveris
838 4967 1054 5080 Humani
1093 5009 1352 5112 repertos.
1405 4971 1510 5118 Ego
1538 4977 1741 5084 exhibui
1778 4973 2015 5118 figuram,
2043 4987 2095 5086 δε

527 5123 930 5266 descriptionem
957 5125 1232 5232 Strarornm
1266 5131 1675 5270 Argillnceorum
1716 5135 1766 5236 dt
1797 5131 2098 5246 Arenaceo-

530 5279 865 5418 inmunibus
891 5276 1058 5384 Solum
1077 5273 1235 5381 Vallis
1257 5279 1383 5382 Arni
1415 5283 1685 5419 superioris
1711 5281 1932 5410 constat,
1959 5287 2097 5389 &cx-

531 5422 711 5564 quibus
744 5427 1015 5536 deducitur
1055 5423 1399 5535 feracissimam
1439 5431 1575 5538 illam
1613 5427 1839 5538 Etruriae
1879 5431 2095 5538 Provin-

531 5575 688 5696 ciam,
716 5603 845 5713 qnae
869 5583 1023 5684 modo
1050 5583 1111 5685 ab
1131 5579 1301 5708 Arno,
1322 5577 1574 5727 Risiisque¹
1595 5589 1647 5687 in
1672 5584 1831 5724 ipsum
1860 5584 2094 5694 defluen·
2218 5579 2222 5584 ’

532 5719 665 5836 tibus
692 5727 819 5832 mire
845 5721 1136 5842 corroditur
1159 5765 1218 5840 ac
1245 5723 1553 5873 devastatur,
1583 5735 1772 5846 donum
1801 5738 1921 5847 olim
1951 5731 2097 5844 fuisse

1876 5888 2022 6034 ipsius
