4834 6762
1202 439 1289 544 bd(
1316 441 1388 526 XL
1413 443 1532 542 >am

512 643 522 656 ‘
553 621 811 757 incoque
839 609 900 714 ll.-
923 592 1373 714 MDCLXXXIV.
1397 597 1712 748 peculiarem
1744 595 1968 711 Hortum
1994 603 2146 714 Plan·

554 775 619 874 tis
653 801 679 870 a
708 765 755 870 se
786 765 1083 905 conquisitis
1110 759 1446 885 instruxerat,
1478 786 1537 859 ut
1568 751 1787 862 Medicis
1814 792 1874 860 ac
1906 757 2144 866 Pharma-

553 920 769 1060 copoeis
813 914 1032 1058 ipsarum
1076 909 1265 1020 fortnas·
1299 905 1689 1017 demonstraret.
1753 895 1982 1016 Pluribus
2021 915 2141 1014 sane

553 1075 703 1178 novis
774 1099 866 1205 per
922 1063 1177 1170 Etruriam
1239 1061 1501 1168 Botauieis
1559 1055 1947 1169 Excursronibus
1997 1059 2139 1164 Hor·

556 1251 664 1330 rum
703 1215 922 1361 Regium
965 1213 1324 1323 Florentinum
1365 1211 1605 1317 Borcaniur
1637 1217 1806 1341 auxit,
1845 1219 1896 1322 δι
1940 1209 2134 1344 Libris,

547 1411 679 1518 quos
718 1371 873 1510 Cosmi
902 1361 1488 1476 Muoificentiaadiutus
1520 1361 1846 1508 conscripstt,
1883 1401 2015 1474 nova
2041 1365 2136 1474 de'·

548 1558 670 1632 cora
711 1517 1040 1630 conciliavit.
1578 1591 1584 1604 ,
1809 1557 1819 1574 ·

702 1668 902 1774 Plantas
943 1675 1188 1798 rariores,
1218 1669 1399 1816 quibus
1432 1669 1691 1810 postremis
1722 1667 2009 1776 Fordinandi
2040 1667 2134 1801 rt,

543 1825 594 1932 δι
629 1825 807 1964 primis
833 1820 988 1960 Cosni
1011 1825 1098 1935 III.
1132 1823 1439 1967 Magnorum
1467 1823 1670 1930 Ducum
1705 1818 1910 1964 Imperii
1943 1825 2134 1952 Annis,

547 1971 743 2093 Hortus
774 1965 1103 2084 Florentinus
1135 1977 1443 2102 nitescebat,
1476 1975 1762 2082 describere
1800 1971 2136 2077 constituerat

475 2237 480 2248 ,
546 2125 716 2232 Petrus
753 2119 933 2234 Notius
971 2125 1152 2238 lunior
1197 2123 1331 2232 Flor.
1375 2125 1513 2236 Med.
1554 2126 1621 2234 D.
1659 2126 1793 2230 Petri
1829 2119 1999 2252 Natii,
2042 2127 2132 2264 qui

540 2278 702 2417 Cosmo
733 2275 770 2376 Ι.
804 2275 997 2422 Magno
1030 2279 1165 2388 Duci
1200 2311 1227 2384 a
1259 2278 1522 2384 Medicina
1552 2276 1676 2406 fuit,
1701 2277 1976 2416 Abnepos,
2003 2273 2130 2379 Tha-

539 2463 646 2534 anat
681 2425 909 2534 Bellnccii
938 2431 1260 2568 Discipulos,
1289 2437 1337 2541 δι
1366 2433 1420 2535 in
1447 2429 1617 2536 Pisana
1645 2427 1900 2534 Catbedra
1936 2429 2134 2531 succes·

539 2563 647 2688 sor.
703 2579 827 2684 Erat
858 2589 1044 2698 anirnus
1091 2584 1187 2728 (fic
1225 2588 1297 2688 ait
1336 2578 1586 2722 ipselslsl
1608 2581 1706 2720 fieb
1747 2613 1837 2688 una
1878 2579 2172 2718 Phytolo-'

538 2735 684 2870 gicae
711 2729 1102 2842 observationis
1139 2732 1707 2876 Epigrapsoe-omnigenar
1736 2727 2135 2864 Psantaruntspe·

537 2891 635 2988 citt
667 2889 718 2989 in
745 2883 909 2989 Hortis
943 2886 1223 2992 Florentinis
1249 2909 1493 3026 repertas,
1532 2893 1698 3028 diuque
1715 2881 1984 3022 sttlsetiots
2014 2909 2133 2982 rern-

476 3025 482 3035 ’
526 3033 722 3170 poribus
754 3071 787 3132 a
820 3069 889 3132 me
922 3034 1241 3160 observatas,
1275 3041 1523 3139 multorum
1556 3053 1625 3137 ad
1644 3043 1918 3168 exemplar,
1944 3067 2133 3132 onoma·

519 3176 638 3318 stito'
663 3176 822 3276 ordine
855 3173 1123 3308 recensere,
1155 3173 1210 3282 d*
1226 3173 1410 3316 ſs‘auae
1430 3175 1578 3312 fimus
1598 3184 1955 3316 paralipomena
1981 3189 2030 3279 in
2055 3217 2134 3282 eo·

533 3325 638 3425 dent
663 3352 835 3458 genere
861 3329 1154 3450 extitissent‚
1182 3325 1337 3421 curado
1361 3333 1413 3417 in
1439 3341 1573 3420 unum
1599 3333 1811 3422 volumen
1836 3323 2019 3458 reclusa
2040 3346 2132 3458 pu-

533 3471 652 3578 brici
683 3477 805 3574 iuris
837 3470 1096 3606 aliquanto
1122 3461 1322 3592 facere,
1345 3497 1447 3602 'non
1484 3466 1630 3568 aliurn
1668 3474 1717 3572 in
1742 3465 1919 3600 finem,
1956 3463 2045 3603 anst
2074 3497 2128 3576 ut

534 3624 791 3754 indigenae
817 3649 898 3720 nno
911 3613 1029 3744 fere
1055 3617 1234 3717 intuitu
1258 3616 1463 3755 Stirper,
1484 3649 1600 3754 quar
1616 3614 1761 3720 calare
1785 3617 2023 3723 Florentia
2048 3624 2127 3723 di·

532 3773 679 3894 estoit,
705 3763 846 3906 prose
877 3757 1068 3902 nossent,
1094 3763 1149 3874 d*
1171 3762 1396 3870 Adnenaa
1420 3763 1564 3895 issar,
1596 3801 1712 3906 quae
1732 3763 1899 3896 faran
1933 3803 1965 3874 a
1995 3770 2150 3878 nobit·

532 3918 847 4060 expetendae,
866 3947 1112 4056 numquam
1131 3922 1432 4053 ignorarent.
1472 3917 1563 4021 Hoc
1581 3951 1749 4022 antrum
1774 3923 1882 4024 darn
1906 3957 2127 4025 comenen-

534 4069 683 4178 tnbnr
714 4063 1012 4208 Opuscusarn,
1050 4063 1106 4172 dr
1137 4069 1289 4168 airino
1320 4101 1483 4172 manus
1517 4066 1852 4206 congruebant,
1889 4073 2125 4214 leonesque

535 4228 713 4326 notras
744 4253 853 4324 aere
883 4213 1209 4348 iunianisar,
1249 4213 1303 4323 d*
1335 4213 1440 4320 huic
1468 4225 1541 4322 rei
1574 4246 1868 4359 comparatur
1904 4225 2126 4363 reserant·-a

534 4368 642 4476 born
674 4369 766 4476 dre.
811 4363 1057 4506 insignem
1104 4364 1233 4470 hanc
1278 4365 1632 4470 colledioncm
1675 4401 1853 4472 revera
1887 4378 2123 4478 molitum
2205 4499 2208 4506 ,

535 4519 636 4622 elle
670 4515 898 4642 Narium,
935 4517 985 4620 δι
1026 4545 1302 4654 propterea
1346 4512 1527 4660 figuras
1570 4517 1769 4659 aliquot
1808 4516 2123 4627 Plantarurm
2171 4647 2174 4652 ¹

534 4671 639 4772 aeri
667 4665 835 4770 incidi
870 4661 1087 4794 curallo,
1122 4665 1258 4772 testis
1296 4697 1392 4808 ego
1430 4661 1529 4768 elle
1569 4667 1791 4803 possum,
1829 4676 1914 4813 qui
1955 4675 2121 4776 oculis

533 4825 769 4956 usurpavi
812 4814 1075 4952 singularia
1114 4818 1348 4956 exempla
1378 4817 1716 4960 ¹quindecim,
1754 4823 1803 4924 ni
1841 4821 1968 4924 male
2009 4860 2120 4928 me-

533 4974 688 5096 mini,
720 4963 1034 5073 Tabularum
1067 5001 1342 5076 aeneorum
1375 4969 1435 5076 ad
1468 4968 1568 5074 boc
1604 4973 1763 5108 ipsum
1790 4969 1939 5077 Natio·
1970 4973 2122 5112 Opus·

534 5127 946 5260 pertinentium,
976 5121 1210 5223 inunum
1239 5123 1483 5226 volumen
1512 5115 1704 5228 formae
1732 5155 1941 5263 quartae
1972 5159 2120 5230 com·

534 5272 699 5410 posia,
727 5269 859 5404 apud
893 5267 971 5372 Cl.
1005 5267 1279 5376 Michesiunr
1305 5271 1593 5381 adservata.
1632 5271 1880 5383 Miahrlius
1905 5277 2114 5420 quidem

536 5449 603 5527 ox
635 5413 925 5558 archetypis
956 5417 1105 5528 Natii
1134 5421 1341 5528 Tabulis
1375 5425 1666 5562 exemplum
1697 5427 1794 5532 hoc
1829 5423 2115 5572 expresstlse

1910 5613 2041 5685 coo·

536 5875 606 5950 (ὓς)
632 5877 739 5938 Petrus
762 5866 874 5934 Nerius
893 5867 925 5934 in
948 5871 1126 5942 Florentino
1151 5881 1268 5960 Phyte-
1309 5873 1347 6068 Η
1427 5881 1828 5976 —Citrata-Auranrit,
1847 5882 2023 5962 Florentiae
2043 5885 2113 5952 vul·

578 5955 681 6043 logica
702 5957 930 6029 obseruatione
953 5959 993 6030 de
1017 5965 1103 6034 Malo
1125 5966 1267 6038 Linonia
1424 5977 1697 6070 gotasstaaarria,
1711 5981 2112 6056 inuonitotttenoten.
