4834 6762
903 479 1188 586 suornm
1742 559 1752 574 ,

252 648 412 780 unice
454 639 728 818 optamus)
771 635 1122 807 Sacrato’fflmo
1172 639 1280 766 Tui
1331 636 1546 769 Nomini
1592 644 1838 782 Claritas

262 881 326 1006 d*
352 871 698 1026 Celebrilat,
732 870 995 998 Etruriae
1008 862 1269 1038 splendor
1304 867 1370 997 d*
1389 871 1587 1044 sama,
1626 877 1842 1051 Populis
1929 835 1930 839 Ν
2037 1035 2041 1044 ,

249 1107 485 1236 tandem
503 1109 654 1234 Tuis
698 1131 907 1230 certum
951 1096 1267 1228 commodum
1314 1131 1479 1270 atque
1522 1104 1842 1274 emolumen-

245 1364 375 1466 tum
414 1329 820 1514 proficiscatur.
927 1391 929 1397 ’

432 1561 596 1730 Qae
635 1593 795 1724 quom
834 1551 921 1677 ita
943 1551 1090 1718 fiat,
1128 1543 1353 1726 accipies
1375 1547 1536 1726 sporo
1551 1649 1569 1710 ,
1603 1560 1846 1686 Cnoson

250 1781 718 1934 Potestnssmm,
748 1783 940 1909 Sereno
962 1777 1122 1908 Vultu
1149 1778 1347 1910 librum
1375 1777 1537 1933 huno,
1555 1812 1834 1951 tamquam

239 2011 828 2186 specimensednlilatis
849 2011 1125 2140 Sosieooois
1144 2014 1431 2157 Bolanitae
1449 2014 1509 2140 in
1522 2011 1684 2186 Juffir
1698 2017 1831 2147 Tuis

252 2244 571 2417 implendis,
599 2274 661 2374 ut
689 2241 907 2418 ipsomet
940 2243 1171 2392 Societas
1190 2238 1418 2412 Angusta
1438 2236 1824 2414 Approbatione

254 2495 509 2590 recreata
537 2460 791 2612 ‘aloarius
836 2467 894 2591 in
926 2467 1090 2592 Horti
1122 2464 1224 2640 fili
1255 2464 1491 2638 oommiffi
1532 2512 1725 2602 onnam
1761 2469 1828 2600 ou

230 2681 575 2856 splendorem
605 2686 897 2844 incumbat,
929 2687 1183 2859 brevique
1214 2692 1367 2820 illum
1400 2697 1595 2826 tataris
1627 2693 1724 2884 nel
1751 2736 1834 2822 aa·

60 2877 68 2892 ’
236 2915 596 3092 lubeatiffimis
614 2929 803 3055 Hortis
824 2927 1068 3062 Medicis
1096 2935 1563 3113 aequiparandum
1592 2919 1830 3114 reddat.

423 3155 646 3291 Utinam
676 3194 802 3280 uero
836 3155 1233 3318 Clementiffima
1265 3161 1700 3308 Aequanimitate
1731 3193 1829 3274 ax·

85 3394 88 3400 ’
238 3373 412 3544 erpere
449 3337 559 3547 non·
577 3369 869 3538 graveris,
903 3365 1298 3492 lsvscssssssss
1329 3363 1689 3520 torostoros,
1706 3368 1828 3546 sla.

240 3605 457 3729 diorum
494 3639 691 3767 qnoque
723 3641 952 3730 meorum
985 3596 1186 3725 exhiles
1217 3593 1314 3724 nas
1337 3598 1617 3768 primitias
1629 3691 1645 3750 ,
1660 3731 1663 3738 ,
1679 3643 1820 3770 quas

232 3825 641 3960 venerabundus
681 3828 809 3960 Tibi
849 3825 1038 4004 offerro
1054 3835 1077 3952 l
1123 3825 1367 3953 Utinam·
1390 3867 1492 3952 non
1521 3825 1817 3972 iniucunda

241 4062 364 4190 Tibi
409 4066 623 4218 accidat
657 4017 1167 4228 Dissertatinncnla,
1201 4098 1308 4224 qna
1340 4099 1442 4186 non
1470 4061 1588 4224 fine
1622 4057 1815 4192 labore.

240 4295 404 4418 Horti
452 4293 556 4417 Tui
588 4283 870 4455 Hostoriam
911 4287 1268 4416 litterariam
1301 4283 1373 4412 ab
1406 4285 1663 4426 obliuione
1699 4297 1811 4422 Ho·,

234 4523 435 4648 minum
447 4601 466 4663 ,
495 4539 656 4678 atque
678 4472 756 4631 ab
788 4508 1016 4634 interitu
1047 4505 1326 4631 vindicavi
1339 4513 1362 4626 l
1389 4509 1583 4672 Atque
1596 4479 1809 4654 utinam
1875 4485 1877 4490 ⁵

229 4755 288 4878 in
329 4746 629 4922 Appendice
674 4737 756 4896 ad
797 4737 1107 4910 Catolognn
1149 4735 1536 4888 Micholianum
1554 4820 1557 4828 ·
1568 4741 1808 4916 probare,

228 4975 470 5142 digneris
502 4957 840 5139 diligentiam
874 5011 1051 5130 meam
1072 4974 1130 5100 in
1143 4977 1254 5126 ,nsi
1280 4971 1586 5104 Herboriae
1601 4975 1808 5154 studiis.

219 5239 324 5378 pro
348 5202 576 5330 iniunllo
604 5197 856 5394 Pollione
883 5204 1203 5388 Prrqeffionis
1230 5251 1446 5382 munere
1470 5211 1807 5360 excolendis,
1831 5199 1835 5214 ’

16 5513 21 5530 ·
231 5433 298 5562 ou
329 5473 514 5614 turam
564 5430 845 5610 impensam
878 5439 937 5566 in
982 5437 1157 5566 eodem
1183 5443 1369 5586 ‚Hosto
1401 5431 1655 5624 Caefitreo
1702 5479 1806 5566 cn·.-.

976 5725 979 5734 ·
1128 5659 1197 5804 oo
1517 5641 1796 5806 poa
