4834 6762
1155 489 1475 595 ‘saluum

420 723 421 728 ι
525 651 851 813 placidilsrme
888 651 1100 761 extinsli
1140 649 1273 755 lune.
1329 641 1594 751 Cadavera
1634 629 1859 770 dissedit,
1900 668 2100 780 praeter

525 815 842 928 occlusrones
866 803 1182 948 Oesophagi,
1214 795 1548 904 ostenderunt
1575 793 1770 940 viscera
1805 802 1971 900 omnia
1998 805 2100 902 ari·

524 969 618 1100 da,
646 959 1042 1090 testificationes
1066 985 1308 1057 venarum
1327 937 1730 1094 elegantissimas,
1755 950 2098 1090 &argenteos

449 1121 451 1128 ’
525 1113 881 1227 musculatium
906 1103 1145 1218 fibrarum
1164 1099 1456 1232 fasciculos,
1483 1093 1905 1242 quemadmodum
1924 1099 2100 1205 Rediit
2191 1109 2195 1114 ’

522 1274 582 1375 in
612 1266 783 1372 Brutis
808 1259 942 1370 fame
962 1255 1154 1365 'eneslis
1177 1251 1561 1360 observaverat.
1611 1245 1864 1360 Postremo
1890 1247 1951 1355 Io.
1977 1253 2101 1354 Gen-

523 1425 668 1526 tilius
701 1413 838 1520 Med.
868 1413 933 1520 D.
961 1405 1366 1516 communicavit
1395 1397 1669 1504 Historiam
1700 1392 1932 1504 Febrium
1954 1399 2101 1506 Scar-

527 1566 829 1694 latioarum,
861 1593 992 1707 quae
1032 1553 1330 1692 Florentiae
1363 1551 1426 1662 A.
1453 1543 1901 1661 MDCCXXXlV.
1932 1587 2101 1690 popu·

525 1715 707 1823 latitet
728 1707 970 1857 grassatae
994 1705 1227 1834 -fuerant3
1253 1701 1702 1811 &observationes
1723 1701 1890 1845 plores
1918 1729 2103 1802 recen-³

524 1865 627 1972 snit
658 1868 797 1971 circa
829 1863 1149 1972 curationem
1182 1851 1731 1999 Leucopblegruatire,
1758 1883 1888 1998 quae
1918 1843 2104 1957 Fron-s

531 2009 1090 2123 borhista-succedere
1120 2011 1481 2118 consueverat.
1942 2147 1944 2152 Ι
2044 2115 2047 2122 ,
2262 2013 2265 2019 ’

535 2218 542 2242 ·
684 2161 746 2268 ln
771 2168 930 2272 tertio
958 2158 1186 2271 consessu
1214 2156 1401 2266 ibidem
1428 2151 1602 2306 babito
1630 2151 1677 2266 d.
1701 2150 1790 2262 XI.
1812 2147 1941 2296 Aug.
1970 2151 2106 2258 inse·

404 2366 408 2378 ·
531 2305 764 2456 quentis,
790 2312 1036 2423 Micholius
1055 2307 1417 2420 demonstravit
1433 2299 1608 2441 Flores
1633 2307 1897 2414 &Semina
1918 2303 2107 2413 Andro·
2248 2443 2253 2450 Ι

519 2467 657 2605 sacis
683 2468 935 2597 Marinae,
970 2467 1020 2571 δι
1050 2462 1266 2570 Caltlmm
1296 2466 1351 2564 in
1388 2461 1487 2566 lroc
1518 2456 1767 2600 Caralogo
1804 2455 2109 2590 descriptam

535 2646 646 2758 pag.
689 2655 771 2722 20·
809 2621 860 2727 dt
895 2653 1040 2722 ιιι..
1077 2612 1158 2720 Cl.
1194 2610 1402 2722 Corellius
1433 2608 1648 2751 perlegit
1680 2601 2112 2754 elegantislnnanu

533 2761 954 2889 Diffettatiooem
1001 2764 1065 2868 de
1119 2762 1360 2870 Vermibus
1410 2759 1760 2894 Cucurlirinir,
1810 2759 1897 2901 qui
1954 2760 2110 2859 tarius

534 2947 693 3059 quam.
721 2923 883 3024 ceteri
909 2913 1121 3020 Vermes
1158 2924 1210 3022 io
1247 2915 1490 3022 Humanis
1528 2912 1779 3019 Intestinis
1819 2910 2024 3036 vivunt,
2060 2911 2137 3036 &¹

534 3091 817 3200 propterea
853 3105 881 3166 a
918 3063 1258 3197 scriptoribus
1295 3065 1631 3200 Patbologicis
1664 3099 1769 3166 non
1808 3059 1923 3160 satis
1959 3089 2115 3160 accu-

534 3237 645 3314 rate
682 3209 953 3314 examinati
989 3199 1158 3318 luere.
1214 3205 1439 3314 Pluribus
1478 3210 1758 3316 rationibus
1795 3207 1950 3312 evicit
1979 3201 2116 3310 Ver·

539 3353 853 3484 mesbosce,
884 3351 1040 3492 figura
1067 3356 1364 3491 plerumque
1394 3357 1577 3452 semina
1604 3355 1910 3459 Cucurbitae
1943 3385 2115 3455 aemu-

543 3502 734 3628 lantes,
764 3501 1078 3643 ¹quandoque
1112 3501 1419 3636 contraslos,
1452 3497 1714 3638 globosos,
1739 3497 1821 3602 vel
1850 3501 2115 3634 incurvos,

541 3646 654 3752 fere
676 3650 869 3787 semper
889 3647 1225 3776 solitarios&
1248 3645 1517 3776 discretos,
1536 3680 1633 3752 noa
1656 3653 1976 3754 extremitate
1999 3653 2115 3793 (vel
2250 3729 2254 3738 -

544 3797 714 3936 capite
749 3829 960 3934 nempe,
998 3795 1080 3900 vel
1104 3795 1306 3934 ¹crruda)
1344 3793 1559 3900 firmiter
1596 3797 1871 3900 adhaerere
1911 3805 2117 3910 tunicae

546 3940 869 4074 Ventriculi,
901 3943 983 4048 vel
1014 3941 1401 4074 Intestinotum,
1438 3979 1494 4049 ea
1529 3943 1689 4049 ferme
1724 3951 1954 4077 ratione,
1982 3989 2117 4095 qua»

545 4095 804 4203 Hirrrdines
829 4097 936 4206 cuti
968 4093 1114 4234 (vel,
1141 4093 1174 4198 sr
1203 4099 1381 4225 mavis,
1406 4095 1567 4233 Polypr'
1595 4101 1777 4203 minimi
1795 4102 2117 4240 pastulrerlosl

546 4303 554 4314 ·
1894 4284 2041 4356 varns

547 4461 1285 4543 (95)Obiteraduotaboreperisl'emedriasho·
1348 4473 1355 4522 1
1421 4463 2117 4551 tritosmortuo,&putrescentiadlraerenti·
2249 4484 2251 4488 ’

552 4616 556 4632 ¹
591 4566 662 4610 rum
679 4550 842 4630 polyporum
852 4546 965 4628 speeies
978 4597 986 4625 ,
1001 4551 1090 4632 sopra
1104 4553 1285 4632 conservam
1423 4550 1478 4618 bus
1493 4561 1625 4638 <utpote
1640 4575 1718 4638 quae
1733 4559 1751 4618 a
1766 4554 1892 4620 vivente
1910 4555 1968 4618 iam
1984 4561 2117 4642 explosa

592 4629 627 4694 in
642 4629 723 4693 Rivo
742 4629 832 4693 Horti
849 4651 973 4710 natam,
993 4639 1096 4702 Mense
1122 4636 1226 4718 Aprili
1248 4646 1287 4701 A.

593 4736 690 4796 1745.
704 4736 833 4802 quarum
848 4737 907 4784 una
921 4721 1107 4797 maiuscula,
1120 4724 1221 4788 carnei
1238 4742 1289 4787 eo-

592 4803 693 4881 loris,
710 4802 808 4870 altera
828 4803 974 4884 minima,
995 4809 1106 4878 eoloris
1125 4812 1290 4894 elegantis-

597 4889 666 4958 fimi
686 4890 891 4974 smaragdini:
915 4895 1018 4961 ambae
1033 4914 1134 4964 autem
1155 4922 1208 4983 per
1229 4899 1290 4964 ni.

597 4977 792 5061 erolcopium
812 4981 936 5064 prorsus
952 4981 1064 5056 smiles
1080 4993 1189 5074 rrlypis
1209 5009 1225 5054 a
1246 4995 1289 5056 D.

593 5069 705 5132 Becker
716 5065 877 5148 descriptis
888 5089 1077 5152 apparuere,
1090 5075 1210 5155 duplici
1223 5080 1289 5140 bra-

596 5153 738 5222 chiotum
753 5173 867 5220 torona
883 5156 962 5222 cirta
979 5179 1012 5225 os
1025 5159 1201 5240 iustrudae,
1212 5185 1289 5249 quae

595 5243 800 5309 cochlearum
814 5246 921 5311 oculos
934 5249 1130 5326 omnimoda,
1143 5252 1193 5315 sed
1207 5256 1292 5320 velo·

599 5327 711 5394 eiffrma
725 5333 934 5401 contradiooe
949 5339 1199 5404 aemulabantur.
1216 5340 1292 5404 Ani.

605 5417 739 5483 maltula
754 5419 846 5498 haee,
866 5421 988 5512 aliaque
1008 5427 1126 5494 minuta
1145 5425 1177 5490 in
1193 5427 1292 5511 Aquis

601 5503 785 5586 palnllribus
799 5509 965 5592 degentia,
985 5516 1119 5598 pluries,
1140 5517 1170 5578 δι
1186 5517 1293 5580 multi·

583 5589 713 5682 ,sariam
738 5595 841 5678 secui,
867 5598 918 5662 sed
937 5618 1186 5690 numquamtam
1209 5601 1293 5670 felici

601 5678 680 5744 milri
701 5681 759 5746 elle
777 5681 888 5761 licuit,
911 5705 943 5751 ut
958 5709 1064 5757 eorum
1081 5689 1214 5756 membra
1233 5691 1292 5758 dis·

552 5845 557 5852 ι
605 5767 684 5836 stila
705 5768 839 5836 viderim
857 5774 1065 5856 reviviscere,
1083 5783 1114 5843 dr
1132 5779 1164 5842 in
1179 5798 1294 5848 novum
1318 5811 1320 5814 ·

603 5853 731 5928 Animal
750 5857 874 5942 integro
889 5861 986 5926 imile
1002 5867 1150 5930 evadere.
1168 5863 1216 5932 Bis
1229 5883 1296 5934 tan.

606 5945 768 6012 tummodo
791 5947 868 6015 mibi
896 5949 1005 6016 videor
1019 5951 1124 6018 vidille
1140 5974 1179 6020 err
1194 5959 1299 6026 ovnlis

602 6028 728 6100 abstillo
746 6037 858 6109 Matris
879 6039 1040 6123 membro,
1062 6042 1113 6110 seu
1134 6041 1229 6112 srullo
1246 6069 1300 6132 pe.

1427 4639 1569 4717 socrant,
1583 4646 1613 4708 dt
1627 4661 1732 4706 murco
1746 4663 1809 4729 qno
1824 4641 1994 4708 vestiuntur
2006 4647 2116 4714 Matris
2155 4651 2158 4658 '

1424 4727 1487 4792 tuti
1503 4730 1565 4794 sese
1580 4731 1872 4812 agglutinandum
1892 4745 1925 4794 ut
1939 4731 2116 4816 frequenter

1426 4813 1458 4880 in
1473 4817 1742 4884 ostracodermatis
1761 4818 1871 4886 accidit
1881 4827 1894 4896 l
1917 4821 1947 4882 dt
1966 4820 2058 4886 semel
2075 4841 2116 4890 ex

1427 4906 1523 4968 orulo
1541 4903 1573 4969 in
1592 4905 1734 4972 interiori
1751 4923 1837 4989 parte
1854 4905 1969 4973 mortui
1987 4907 2117 4975 membri

1428 4991 1535 5066 Matris
1546 4993 1669 5074 clauso,
1682 4993 1812 5077 erupise
1829 5013 1909 5060 nova
1920 4995 2117 5066 Animalcula

1425 5079 1534 5146 Matris
1552 5080 1681 5160 similia,
1703 5105 1720 5148 a
1742 5085 1828 5148 cuins
1852 5098 1953 5150 tamen
1971 5085 2118 5150 membris

1425 5169 1607 5234 adhucdum
1619 5171 1761 5246 mortuis,
1774 5175 1803 5234 ἃ
1818 5171 2061 5255 putrescentibus
2073 5174 2121 5240 di.

1428 5257 1515 5322 versa
1532 5275 1638 5325 eraut.
1671 5255 1738 5324 Pari
1760 5261 1881 5326 ratione
1902 5283 1942 5330 err
1961 5259 2066 5327 ovum
2086 5265 2120 5330 in

1427 5351 1541 5412 roliers
1563 5345 1678 5412 occisae
1696 5345 1836 5416 diffrado
1853 5348 1939 5416 alvo
1958 5369 2119 5417 remaneo.

1428 5432 1532 5512 tibus,
1549 5433 1733 5518 vermiculos
1745 5482 1755 5514 ,
1767 5436 1820 5523 qni
1835 5435 1946 5502 deinde
1961 5436 1992 5502 in
2007 5445 2120 5504 Pelices
2196 5487 2199 5494 -

1430 5537 1588 5587 mutantur
1599 5569 1610 5600 ‚
1626 5522 1750 5606 prodire
1770 5523 1855 5604 vidi,
1874 5531 1904 5592 δι
1922 5525 2036 5591 semina
2052 5535 2119 5590 Μι-

1428 5614 1523 5674 lorum
1541 5616 1763 5689 Limonimrm,
1781 5613 1821 5687 6·
1847 5620 2065 5678 Auranrr'arm
2087 5615 2120 5683 in

1412 5697 1415 5704 '
1429 5694 1497 5778 ipso
1512 5697 1609 5762 srudu
1623 5696 1739 5766 viventi
1759 5705 1789 5766 de
1809 5704 1912 5768 clauso
1927 5702 2123 5786 germinant.

1430 5787 1783 5854 consererem-loelli
1807 5787 1899 5875 Epist.
1924 5815 1951 5854 ι.
1976 5797 2008 5858 81
2031 5804 2062 5857 6.
2084 5798 2124 5863 ad

1430 5883 1505 5937 Ant.
1523 5877 1765 5954 Maglr'ebrcblum
1782 5899 1799 5944 a
1814 5899 1862 5946 me
1875 5879 1972 5946 editas
1990 5879 2021 5948 iu
2036 5887 2074 5946 Τ.
2093 5910 2125 5950 ι.
2219 5929 2223 5936 ·

1429 5965 1625 6043 Eplllelrrrrm
1656 5971 1807 6033 Clarorum
1840 5975 2025 6057 Belgarum,
2062 5973 2127 6052 &n

1424 6069 1497 6137 mr·
1521 6073 1592 6133 sm·
1613 6055 1645 6118 ἃ
1667 6073 1738 6138 an·
1769 6121 1773 6130 .
1829 6109 1832 6160 3
